@misc{w3c,
	howpublished = "\url{https://dvcs.w3.org/hg/webperf/raw-file/tip/specs/NavigationTiming/Overview.html}"
}
@misc{implem,
	howpublished = "\url{https://github.com/http2/http2-spec/wiki/Implementations}"
}
@misc{h2o,
	howpublished = "\url{https://github.com/h2o/h2o}"
}
@misc{chromium,
	howpublished = "\url{https://github.com/desaxce/chromium}"
}
@misc{alexa,
	howpublished = "\url{http://www.alexa.com/topsites}"
}
@misc{load_times,
	howpublished = "\url{https://github.com/desaxce/load_times}"
}
